<record><leader>00000cas a22000007a 4500</leader><controlfield tag="001">13987731</controlfield><controlfield tag="008">860730d19121913txuwr ne      0    0eng d</controlfield><datafield ind1=" " ind2=" " tag="010"><subfield code="a">sn 86088200 </subfield></datafield><datafield ind1=" " ind2=" " tag="040"><subfield code="a">PPM</subfield><subfield code="b">eng</subfield><subfield code="c">PPM</subfield><subfield code="d">OCLCQ</subfield></datafield><datafield ind1=" " ind2=" " tag="042"><subfield code="a">msc</subfield></datafield><datafield ind1="0" ind2="4" tag="245"><subfield code="a">The Matagorda news.</subfield></datafield><datafield ind1="1" ind2="3" tag="246"><subfield code="a">Matagorda news and midcoast farmer</subfield></datafield><datafield ind1=" " ind2=" " tag="260"><subfield code="a">Matagorda, Tex. :</subfield><subfield code="b">C.E. Gilbert</subfield></datafield><datafield ind1=" " ind2=" " tag="300"><subfield code="a">v. :</subfield><subfield code="b">ill.</subfield></datafield><datafield ind1=" " ind2=" " tag="310"><subfield code="a">Weekly</subfield></datafield><datafield ind1="0" ind2=" " tag="362"><subfield code="a">Vol. 1, no. 1 (Aug. 15, 1912)-v. 2, no. 18 (Dec. 26, 1913).</subfield></datafield><datafield ind1=" " ind2=" " tag="500"><subfield code="a">Becomes "Matagorda news and midcoast farmer" on July 4, 1913.</subfield></datafield><datafield ind1=" " ind2=" " tag="752"><subfield code="a">United States</subfield><subfield code="b">Texas</subfield><subfield code="c">Matagorda</subfield><subfield code="d">Matagorda.</subfield></datafield><datafield ind1="0" ind2="0" tag="785"><subfield code="t">Matagorda County news and midcoast farmer</subfield></datafield></record>